
@article{cattarius_all_2001,
	title = {All mode dynamics at the conical intersection of an octa-atomic molecule: {Multi}-configuration time-dependent {Hartree} ({MCTDH}) investigation on the butatriene cation},
	volume = {115},
	issn = {0021-9606, 1089-7690},
	shorttitle = {All mode dynamics at the conical intersection of an octa-atomic molecule},
	url = {http://aip.scitation.org/doi/10.1063/1.1384872},
	doi = {10.1063/1.1384872},
	language = {en},
	number = {5},
	urldate = {2019-01-09},
	journal = {The Journal of Chemical Physics},
	author = {Cattarius, Chr. and Worth, G. A. and Meyer, H.-D. and Cederbaum, L. S.},
	month = aug,
	year = {2001},
	pages = {2088--2100},
	file = {Cattarius et al. - 2001 - All mode dynamics at the conical intersection of a.pdf:/home/oem/Zotero/storage/FIDP8VEW/Cattarius et al. - 2001 - All mode dynamics at the conical intersection of a.pdf:application/pdf}
}